<?xml version="1.0" encoding="UTF-8"?><collection xmlns="http://www.loc.gov/MARC21/slim"><record><leader>00615nam--2200205-u-4500</leader><controlfield tag="001">000052334</controlfield><controlfield tag="002">20161230</controlfield><controlfield tag="005">20161230201050</controlfield><controlfield tag="008">100621s1000------------r-----000-0-eng-d</controlfield><datafield ind1=" " ind2=" " tag="020"><subfield code="a">0521640687</subfield></datafield><datafield ind1=" " ind2=" " tag="040"><subfield code="a">IFIN-HH</subfield></datafield><datafield ind1=" " ind2=" " tag="080"><subfield code="a">519.24</subfield></datafield><datafield ind1="1" ind2=" " tag="100"><subfield code="a">Precival, Donald B</subfield></datafield><datafield ind1="1" ind2="0" tag="245"><subfield code="a">Wavelet Methods for Time Series Analysis</subfield><subfield code="c">Donald B. Percival ; Andrew T. Walden</subfield></datafield><datafield ind1=" " ind2=" " tag="260"><subfield code="a">Canbridge</subfield><subfield code="b">Cambridge University Press</subfield><subfield code="c">2000</subfield></datafield><datafield ind1=" " ind2=" " tag="300"><subfield code="a">594 p</subfield></datafield><datafield ind1=" " ind2=" " tag="490"><subfield code="a">Cambridge Series in Statistical and Probabilistic Mathematics</subfield></datafield><datafield ind1="1" ind2=" " tag="700"><subfield code="a">Walden, Andrew T</subfield></datafield><datafield ind1=" " ind2=" " tag="852"><subfield code="a">81367</subfield><subfield code="c">519.24</subfield></datafield><datafield ind1=" " ind2=" " tag="CAT"><subfield code="a">Sys</subfield><subfield code="c">20100621</subfield><subfield code="h">132727</subfield></datafield></record></collection>